@inproceedings{free-oracles,
 author = {Lukyanov, Georgy and Mokhov, Andrey},
 title = {{Dependent Types and Multi-monadic Effects in F*}},
 booktitle = {Proceedings of the 43rd Annual ACM SIGPLAN-SIGACT Symposium on Principles of Programming Languages},
 series = {POPL'16},
 year = {2016},
 pages = {256--270},
 publisher = {ACM}
}